@article{fama1996multifactor,
  title={Multifactor explanations of asset pricing anomalies},
  author={Fama, Eugene F and French, Kenneth R},
  journal={The journal of finance},
  volume={51},
  number={1},
  pages={55--84},
  year={1996},
  publisher={Wiley Online Library}
}

@article{fama1996capm,
  title={The CAPM is wanted, dead or alive},
  author={Fama, Eugene F and French, Kenneth R},
  journal={The Journal of Finance},
  volume={51},
  number={5},
  pages={1947--1958},
  year={1996},
  publisher={Wiley Online Library}
}

@article{petkova2006fama,
  title={Do the {Fama--French} factors proxy for innovations in predictive variables?},
  author={Petkova, Ralitsa},
  journal={The Journal of Finance},
  volume={61},
  number={2},
  pages={581--612},
  year={2006},
  publisher={Wiley Online Library}
}